@article{MULLER2017,
title = "Small Bodies Near and Far (SBNAF): A benchmark study on physical and thermal properties of small bodies in the Solar System",
journal = "Advances in Space Research",
year = "2017",
issn = "0273-1177",
doi = "https://doi.org/10.1016/j.asr.2017.10.018",
url = "http://www.sciencedirect.com/science/article/pii/S0273117717307561",
author = "T.G. Müller and A. Marciniak and Cs. Kiss and R. Duffard and V. Alí-Lagoa and P. Bartczak and M. Butkiewicz-Bąk and G. Dudziński and E. Fernández-Valenzuela and G. Marton and N. Morales and J.-L. Ortiz and D. Oszkiewicz and T. Santana-Ros and R. Szakáts and P. Santos-Sanz and A. Takácsné Farkas and E. Varga-Verebélyi",
keywords = "Radiation mechanisms: non-thermal, Radiation mechanisms: thermal, Techniques: image processing, Techniques: photometric, Techniques: astrometric, Techniques: radar astronomy, Astronomical data bases, Stellar occultations, Kuiper belt: general, Minor planets, Infrared: planetary systems, Submillimeter: planetary systems"
}


